<?xml version="1.0" encoding="UTF-8"?><collection xmlns="http://www.loc.gov/MARC21/slim"><record><leader>00529nam--2200145-i-4500</leader><controlfield tag="001">000009037</controlfield><controlfield tag="002">20161230</controlfield><controlfield tag="005">20161230201028</controlfield><controlfield tag="008">060222s1000------------r-----000-0-eng-d</controlfield><datafield ind1=" " ind2=" " tag="080"><subfield code="a">621.316.923.2</subfield></datafield><datafield ind1=" " ind2=" " tag="100"><subfield code="a">Barbu, I</subfield></datafield><datafield ind1=" " ind2=" " tag="245"><subfield code="a">Contributii privind incalzirea fuzibilelor in regim adiabatic cu transmisia longitudinala a caldurii si conditii initiale</subfield></datafield><datafield ind1=" " ind2=" " tag="260"><subfield code="a">Bucuresti, Cons.Nat.Al Ing.Si Tehn., 1969. 16 P</subfield></datafield><datafield ind1=" " ind2=" " tag="490"><subfield code="a">A Ddoua Conferinta A Electricienilor. Sectia Teorie, Materiale Si Masurari Electrice</subfield></datafield><datafield ind1=" " ind2=" " tag="852"><subfield code="a">31681</subfield></datafield></record></collection>